<?xml version="1.0" encoding="UTF-8"?><collection xmlns="http://www.loc.gov/MARC21/slim"><record><leader>00485nam--2200145-i-4500</leader><controlfield tag="001">000024234</controlfield><controlfield tag="002">20161230</controlfield><controlfield tag="005">20161230201035</controlfield><controlfield tag="008">060222s1000------------r-----000-0-eng-d</controlfield><datafield ind1=" " ind2=" " tag="080"><subfield code="a">541.28:621.039.543.4(043)</subfield></datafield><datafield ind1=" " ind2=" " tag="100"><subfield code="a">Heinonen, Olli J</subfield></datafield><datafield ind1=" " ind2=" " tag="245"><subfield code="a">Chemical aspects of the precise and accurate determination of uranium and plutonium from nuclear fuel solutiions. these</subfield></datafield><datafield ind1=" " ind2=" " tag="260"><subfield code="a">Helsinki, Univ.Of Helsinki, 1981. P.Dif</subfield></datafield><datafield ind1=" " ind2=" " tag="490"><subfield code="a">Report Series In Radioactivity</subfield></datafield><datafield ind1=" " ind2=" " tag="852"><subfield code="a">71028</subfield></datafield></record></collection>